<?xml version='1.0' encoding='utf-8'?>
<record xmlns="http://www.loc.gov/MARC21/slim" xmlns:xsi="http://www.w3.org/2001/XMLSchema-instance">
  <leader>00000npm^a22^^^^^^a^4500</leader>
  <controlfield tag="001">012234439</controlfield>
  <controlfield tag="005">20130319133805.0</controlfield>
  <controlfield tag="008">130319i18uu19uuxx^^^^^^^^^^^^^^^^^^eng^d</controlfield>
  <datafield tag="040" ind1=" " ind2=" ">
    <subfield code="a">MiU-H</subfield>
    <subfield code="c">MiU-H</subfield>
  </datafield>
  <datafield tag="110" ind1="2" ind2=" ">
    <subfield code="a">Bentley Historical Library.</subfield>
  </datafield>
  <datafield tag="245" ind1="0" ind2="0">
    <subfield code="a">Bentley Historical Library Realia Collection,</subfield>
    <subfield code="f">1800s-1900s.</subfield>
  </datafield>
  <datafield tag="300" ind1=" " ind2=" ">
    <subfield code="a">23 linear feet and two oversize boxes.</subfield>
  </datafield>
  <datafield tag="546" ind1=" " ind2=" ">
    <subfield code="a">In Egnlish.</subfield>
  </datafield>
  <datafield tag="520" ind1="2" ind2=" ">
    <subfield code="a">A collection of artifacts and three-dimensional objects held by the Bentley Historical Library. The realia collection is divided into three series, University of Michigan, Political Material, and Miscellaneous. While many of the Library’s artifacts are represented as apart of this collection, some are cataloged separately. Collection includes the University of Michigan apparel, pins and jewelry, textiles and miscellaneous items. Political artifacts, with a particularly high concentration of political campaign memorabilia, buttons and pens. Miscellanea is diverse and far reaching, and includes gavels, jewelry and accessories, Masonic items, medals, medical, military, Native American items, and textiles.</subfield>
  </datafield>
  <datafield tag="506" ind1=" " ind2=" ">
    <subfield code="a">The collection is open for research use.</subfield>
  </datafield>
  <datafield tag="500" ind1=" " ind2=" ">
    <subfield code="a">Materials donated to the library by various donors</subfield>
  </datafield>
  <datafield tag="584" ind1=" " ind2=" ">
    <subfield code="a">Periodic additions to the collection are expected.</subfield>
  </datafield>
  <datafield tag="651" ind1=" " ind2="0">
    <subfield code="a">Michigan</subfield>
    <subfield code="v">Miscellanea.</subfield>
  </datafield>
  <datafield tag="610" ind1="2" ind2="0">
    <subfield code="a">University of Michigan</subfield>
    <subfield code="v">Miscellanea.</subfield>
  </datafield>
  <datafield tag="852" ind1="8" ind2=" ">
    <subfield code="a">MiU-H</subfield>
    <subfield code="b">BENT</subfield>
    <subfield code="h">47001 Aa 2</subfield>
  </datafield>
  <datafield tag="998" ind1=" " ind2=" ">
    <subfield code="c">OV</subfield>
  </datafield>
  <datafield tag="STA" ind1=" " ind2=" ">
    <subfield code="a">SUPPRESSED</subfield>
  </datafield>
  <datafield tag="955" ind1=" " ind2=" ">
    <subfield code="b">BENT</subfield>
    <subfield code="p">B5975816</subfield>
  </datafield>
</record>
